<?xml version="1.0" encoding="UTF-8"?><collection xmlns="http://www.loc.gov/MARC21/slim"><record><leader>00417nam--2200133-i-4500</leader><controlfield tag="001">000004551</controlfield><controlfield tag="002">20161230</controlfield><controlfield tag="005">20161230201025</controlfield><controlfield tag="008">060222s1000------------r-----000-0-eng-d</controlfield><datafield ind1=" " ind2=" " tag="100"><subfield code="a">Almeida I. G., Marquez L., Costa N.L</subfield></datafield><datafield ind1=" " ind2=" " tag="245"><subfield code="a">Radioisotopes from fusion in rain water : co 57, mn 54 and co 60</subfield></datafield><datafield ind1=" " ind2=" " tag="260"><subfield code="a">Rio De Janeiro, Centro Brasiliero De Pesquasas Fisicas, 1959 6 P</subfield></datafield><datafield ind1=" " ind2=" " tag="490"><subfield code="a">Vol. Iv, No. 7</subfield></datafield><datafield ind1=" " ind2=" " tag="852"><subfield code="a">13930</subfield></datafield></record></collection>